<collection xmlns="http://www.loc.gov/MARC21/slim">
<record>
  <leader>01927nam0a2200325 i 450 </leader>
  <controlfield tag="001">IT\ICCU\CNCE\032139</controlfield>
  <controlfield tag="005">20160307000000.0</controlfield>
  <datafield tag="012" ind1=" " ind2=" ">
    <subfield code="a">I.I. erro umon se&amp;i (3) 1583 (R)</subfield>
    <subfield code="2">fei</subfield>
  </datafield>
  <datafield tag="100" ind1=" " ind2=" ">
    <subfield code="a">19971210d1583        0itac0103    ba</subfield>
  </datafield>
  <datafield tag="101" ind1=" " ind2=" ">
    <subfield code="a">LAT</subfield>
  </datafield>
  <datafield tag="102" ind1=" " ind2=" ">
    <subfield code="a">IT</subfield>
  </datafield>
  <datafield tag="200" ind1="1" ind2=" ">
    <subfield code="a">Constitutiones ciuiles, et criminales, decreta, edicta, et statuta noua, et antiqua reformata, et condita ab illustrissimo et excellentissimo d.d. Besso Ferrerio Flisco Messerani marchione, Crepacorij, Lauaniae &amp; c. comite</subfield>
  </datafield>
  <datafield tag="210" ind1=" " ind2=" ">
    <subfield code="a">Augustae Taurinorum</subfield>
    <subfield code="c">apud Christophorum Bellonum ducalem typographum</subfield>
    <subfield code="d">1583</subfield>
    <subfield code="e">Augustae Taurinorum</subfield>
    <subfield code="g">\Marcantonio Bellone!</subfield>
    <subfield code="g">apud Christophorum Bellonum ducalem typographum</subfield>
    <subfield code="h">1583</subfield>
  </datafield>
  <datafield tag="215" ind1=" " ind2=" ">
    <subfield code="a">\4!, 80 p.</subfield>
    <subfield code="d">fol</subfield>
  </datafield>
  <datafield tag="620" ind1=" " ind2=" ">
    <subfield code="a">IT</subfield>
    <subfield code="d">Torino</subfield>
  </datafield>
  <datafield tag="710" ind1="0" ind2="2">
    <subfield code="a">Masserano</subfield>
    <subfield code="c"> &lt;Marchesato&gt;</subfield>
    <subfield code="3">9406</subfield>
  </datafield>
  <datafield tag="702" ind1=" " ind2="1">
    <subfield code="a">Ferrero,</subfield>
    <subfield code="b">Besso</subfield>
    <subfield code="3">IT\ICCU\CNCA\011201</subfield>
  </datafield>
  <datafield tag="712" ind1="0" ind2="0">
    <subfield code="a">Bellone, Cristoforo</subfield>
    <subfield code="c"> &lt;Torino&gt;</subfield>
    <subfield code="3">IT\ICCU\CNCT\003028</subfield>
    <subfield code="4">650</subfield>
  </datafield>
  <datafield tag="712" ind1="0" ind2="0">
    <subfield code="a">Bellone, Marcantonio</subfield>
    <subfield code="3">IT\ICCU\CNCT\000449</subfield>
    <subfield code="4">650</subfield>
  </datafield>
  <datafield tag="790" ind1=" " ind2="1">
    <subfield code="a">Ferrero Fieschi,</subfield>
    <subfield code="b">Besso</subfield>
    <subfield code="3">IT\ICCU\CNCA\011202</subfield>
    <subfield code="z">Ferrero, Besso</subfield>
  </datafield>
  <datafield tag="790" ind1=" " ind2="1">
    <subfield code="a">Fererius Fliscus,</subfield>
    <subfield code="b">Bessus</subfield>
    <subfield code="3">IT\ICCU\CNCA\020786</subfield>
    <subfield code="z">Ferrero, Besso</subfield>
  </datafield>
  <datafield tag="791" ind1="0" ind2="0">
    <subfield code="a">Bellonus, Christophorus</subfield>
    <subfield code="c"> &lt;Torino&gt;</subfield>
    <subfield code="3">IT\ICCU\CNCT\004320</subfield>
    <subfield code="z">Bellone, Cristoforo &lt;Torino&gt;</subfield>
  </datafield>
  <datafield tag="791" ind1="0" ind2="0">
    <subfield code="a">Bellonus, Marcus Antonius</subfield>
    <subfield code="3">IT\ICCU\CNCT\004321</subfield>
    <subfield code="z">Bellone, Marcantonio</subfield>
  </datafield>
  <datafield tag="801" ind1=" " ind2="3">
    <subfield code="a">IT</subfield>
    <subfield code="b">ICCU</subfield>
    <subfield code="c">20201114</subfield>
  </datafield>
  <datafield tag="899" ind1=" " ind2=" ">
    <subfield code="a">Biblioteca civica. Biella</subfield>
    <subfield code="1">BI0025</subfield>
    <subfield code="2">BIA BC</subfield>
  </datafield>
  <datafield tag="899" ind1=" " ind2=" ">
    <subfield code="a">Biblioteca dell&apos;Archivio di Stato di Biella. Biella</subfield>
    <subfield code="z">MUTILO</subfield>
    <subfield code="1">BI0036</subfield>
    <subfield code="2">BI ASS</subfield>
  </datafield>
  <datafield tag="899" ind1=" " ind2=" ">
    <subfield code="a">Biblioteca universitaria. Pavia</subfield>
    <subfield code="1">PV0291</subfield>
    <subfield code="2">MIL UP</subfield>
  </datafield>
  <datafield tag="899" ind1=" " ind2=" ">
    <subfield code="a">Biblioteca Reale. Torino</subfield>
    <subfield code="1">TO0263</subfield>
    <subfield code="2">TO0 07</subfield>
  </datafield>
  <datafield tag="911" ind1=" " ind2=" ">
    <subfield code="a">Nel coloph.</subfield>
    <subfield code="9">IT\ICCU\CNCM\000732</subfield>
  </datafield>
  <datafield tag="921" ind1=" " ind2=" ">
    <subfield code="a">IT\ICCU\CNCM\000732</subfield>
    <subfield code="b">Bellona (donna che tiene con la mano destra una lancia, con la sinistra uno scudo). In cornice figurata.</subfield>
    <subfield code="e">Humile non per paura. -  Et gaudet Bellona libellis</subfield>
    <subfield code="c">Z171</subfield>
    <subfield code="d">cm 6,2x6,4</subfield>
    <subfield code="f">BELLONA</subfield>
    <subfield code="f">ETGAUDETBE</subfield>
    <subfield code="f">HUMILENONP</subfield>
    <subfield code="f">LANCIA</subfield>
    <subfield code="f">SCUDO</subfield>
    <subfield code="g">1557-1599</subfield>
  </datafield>
</record>
</collection>
